<?xml version="1.0" encoding="UTF-8"?><collection xmlns="http://www.loc.gov/MARC21/slim"><record><leader>00366nam--2200145-i-4500</leader><controlfield tag="001">000029089</controlfield><controlfield tag="002">20161230</controlfield><controlfield tag="005">20170106171627</controlfield><controlfield tag="008">060222s1000------------r-----000-0-eng-d</controlfield><datafield ind1=" " ind2=" " tag="100"><subfield code="a">Levine, Sumner N</subfield></datafield><datafield ind1=" " ind2=" " tag="245"><subfield code="a">Quantum physics of electronics</subfield></datafield><datafield ind1=" " ind2=" " tag="260"><subfield code="a">New York</subfield><subfield code="b">The Macmillan Co</subfield><subfield code="c">1965</subfield></datafield><datafield ind1=" " ind2=" " tag="300"><subfield code="a">XII + 301 p</subfield></datafield><datafield ind1=" " ind2=" " tag="852"><subfield code="a">21774</subfield></datafield><datafield ind1=" " ind2=" " tag="CAT"><subfield code="a">SYS</subfield><subfield code="c">20170106</subfield><subfield code="h">171627</subfield></datafield></record></collection>